<?xml version="1.0" encoding="UTF-8"?><collection xmlns="http://www.loc.gov/MARC21/slim"><record><leader>00408nam--2200169-u-4500</leader><controlfield tag="001">000051800</controlfield><controlfield tag="002">20161230</controlfield><controlfield tag="005">20161230201049</controlfield><controlfield tag="008">081022s1000------------r-----000-0-eng-d</controlfield><datafield ind1=" " ind2=" " tag="040"><subfield code="a">IFIN-HH</subfield></datafield><datafield ind1=" " ind2=" " tag="080"><subfield code="a">517.9</subfield></datafield><datafield ind1="1" ind2=" " tag="100"><subfield code="a">Botashev,A.I</subfield></datafield><datafield ind1="1" ind2=" " tag="245"><subfield code="a">Konechnye Metody v Teorii Mnogomernogo Vetvleniya</subfield></datafield><datafield ind1=" " ind2=" " tag="260"><subfield code="a">Frunze</subfield><subfield code="c">1976</subfield></datafield><datafield ind1=" " ind2=" " tag="300"><subfield code="a">258 p</subfield></datafield><datafield ind1=" " ind2=" " tag="852"><subfield code="a">44300</subfield><subfield code="c">517.9</subfield></datafield><datafield ind1=" " ind2=" " tag="CAT"><subfield code="a">Sys</subfield><subfield code="c">20081022</subfield><subfield code="h">135418</subfield></datafield></record></collection>